% This file was created with Citavi 6.4.0.35

@article{DaveAltavilla.30.Juni2019,
 author = {{Dave Altavilla}},
 year = {30. Juni 2019},
 title = {Google's Mysterious Fuchsia OS Developer Site Debuts With New Fascinating Details},
 url = {\url{https://www.forbes.com/sites/davealtavilla/2019/06/30/googles-mysterious-fuchsia-os-developer-site-debuts-with-new-fascinating-details/#5d2808c5777f}},
 volume = {2019},
 journal = {Forbes},
 file = {https://www.forbes.com/sites/davealtavilla/2019/06/30/googles-mysterious-fuchsia-os-developer-site-debuts-with-new-fascinating-details/#5d2808c5777f},
 file = {4b06c2aa-065a-413e-8270-9f97541e1d4e:C\:\\Users\\nikwe\\AppData\\Local\\Swiss Academic Software\\Citavi 6\\ProjectCache\\apfy6cw2cjcfa4ao26wwiaqa7f4pnb6fkedcigm\\Remote Attachments\\4b06c2aa-065a-413e-8270-9f97541e1d4e.pdf:pdf}
}


@misc{GoogleLLC.,
 author = {{Google LLC}},
 title = {Get started},
 url = {\url{https://fuchsia.dev/fuchsia-src/getting_started}},
 urldate = {01.05.2020},
 file = {e74b130e-a8a2-4fff-a054-e8a019be2516:C\:\\Users\\nikwe\\AppData\\Local\\Swiss Academic Software\\Citavi 6\\ProjectCache\\apfy6cw2cjcfa4ao26wwiaqa7f4pnb6fkedcigm\\Citavi Attachments\\e74b130e-a8a2-4fff-a054-e8a019be2516.pdf:pdf}
}


